<?xml version="1.0" encoding="UTF-8"?><collection xmlns="http://www.loc.gov/MARC21/slim"><record><leader>00551nam--2200193-u-4500</leader><controlfield tag="001">000050703</controlfield><controlfield tag="002">20161230</controlfield><controlfield tag="005">20161230201048</controlfield><controlfield tag="008">080319s1000------------r-----000-0-eng-d</controlfield><datafield ind1=" " ind2=" " tag="020"><subfield code="a">048645360X</subfield></datafield><datafield ind1=" " ind2=" " tag="040"><subfield code="a">IFIN-HH</subfield></datafield><datafield ind1=" " ind2=" " tag="080"><subfield code="a">535</subfield></datafield><datafield ind1="1" ind2=" " tag="100"><subfield code="a">Zernike, Frits</subfield></datafield><datafield ind1="1" ind2="0" tag="245"><subfield code="a">Applied Nonlinear Otics</subfield><subfield code="c">Frits Zernike; John E. Midwinter</subfield></datafield><datafield ind1=" " ind2=" " tag="260"><subfield code="a">Mineola, New York</subfield><subfield code="b">Dover Publications, Inc</subfield><subfield code="c">2006</subfield></datafield><datafield ind1=" " ind2=" " tag="504"><subfield code="a">Includes Bibliographical Referances and Index</subfield></datafield><datafield ind1="1" ind2=" " tag="700"><subfield code="a">Midwinter, John E</subfield></datafield><datafield ind1=" " ind2=" " tag="852"><subfield code="a">82021</subfield><subfield code="c">535</subfield></datafield><datafield ind1=" " ind2=" " tag="CAT"><subfield code="a">Sys</subfield><subfield code="c">20101130</subfield><subfield code="h">113141</subfield></datafield></record></collection>